<record><leader>00000cas a22000007a 4500</leader><controlfield tag="001">1566859</controlfield><controlfield tag="008">750824d18901936mnuwr ne      0    0eng d</controlfield><datafield ind1=" " ind2=" " tag="010"><subfield code="a">sn 89064651 </subfield></datafield><datafield ind1=" " ind2=" " tag="040"><subfield code="a">MUL</subfield><subfield code="b">eng</subfield><subfield code="c">MUL</subfield><subfield code="d">OCL</subfield><subfield code="d">MN#</subfield><subfield code="d">OCLCQ</subfield><subfield code="d">OCLCF</subfield><subfield code="d">OCLCO</subfield></datafield><datafield ind1=" " ind2=" " tag="042"><subfield code="a">msc</subfield></datafield><datafield ind1=" " ind2=" " tag="043"><subfield code="a">n-us-mn</subfield></datafield><datafield ind1=" " ind2=" " tag="052"><subfield code="a">4144</subfield><subfield code="b">D8</subfield></datafield><datafield ind1=" " ind2=" " tag="052"><subfield code="a">4143</subfield><subfield code="b">D5</subfield></datafield><datafield ind1="0" ind2="0" tag="245"><subfield code="a">Dodge County star.</subfield></datafield><datafield ind1=" " ind2=" " tag="260"><subfield code="a">Dodge Center, Minn. :</subfield><subfield code="b">Edgar Stivers,</subfield><subfield code="c">-1936.</subfield></datafield><datafield ind1=" " ind2=" " tag="300"><subfield code="a">v.</subfield></datafield><datafield ind1=" " ind2=" " tag="310"><subfield code="a">Weekly</subfield></datafield><datafield ind1="1" ind2=" " tag="362"><subfield code="a">Began in 1890.</subfield></datafield><datafield ind1="0" ind2=" " tag="362"><subfield code="a">-v. 45, no. 28 (May 21, 1936).</subfield></datafield><datafield ind1=" " ind2=" " tag="530"><subfield code="a">Available on microfilm from the Minnesota Historical Society.</subfield></datafield><datafield ind1=" " ind2=" " tag="588"><subfield code="a">Description based on: Vol. 3, no. 24 (Apr. 20, 1893).</subfield></datafield><datafield ind1=" " ind2="0" tag="651"><subfield code="a">Dodge County (Minn.)</subfield><subfield code="v">Newspapers.</subfield></datafield><datafield ind1=" " ind2="7" tag="655"><subfield code="a">Newspapers.</subfield><subfield code="2">fast</subfield><subfield code="0">(OCoLC)fst01423814</subfield></datafield><datafield ind1=" " ind2="7" tag="651"><subfield code="a">Minnesota</subfield><subfield code="z">Dodge County.</subfield><subfield code="2">fast</subfield><subfield code="0">(OCoLC)fst01214819</subfield></datafield><datafield ind1=" " ind2=" " tag="752"><subfield code="a">United States</subfield><subfield code="b">Minnesota</subfield><subfield code="c">Dodge</subfield><subfield code="d">Dodge Center.</subfield></datafield><datafield ind1="0" ind2="7" tag="785"><subfield code="t">Dodge Center record with the Claremont news</subfield><subfield code="w">(DLC)sn 89064785</subfield></datafield><datafield ind1="0" ind2="7" tag="785"><subfield code="t">Dodge Center star-record</subfield><subfield code="w">(DLC)sn 89064786</subfield></datafield></record>